<record><leader>00000cas a22000007a 4500</leader><controlfield tag="001">22198477</controlfield><controlfield tag="008">900809d19341941ohudn ne      0    0eng d</controlfield><controlfield tag="009">8043</controlfield><datafield ind1=" " ind2=" " tag="010"><subfield code="a">sn 90068923 </subfield></datafield><datafield ind1=" " ind2=" " tag="040"><subfield code="a">ONP</subfield><subfield code="b">eng</subfield><subfield code="c">ONP</subfield></datafield><datafield ind1="1" ind2=" " tag="029"><subfield code="a">AU@</subfield><subfield code="b">000025878271</subfield></datafield><datafield ind1=" " ind2=" " tag="042"><subfield code="a">msc</subfield></datafield><datafield ind1="0" ind2="4" tag="245"><subfield code="a">The Sandusky daily news.</subfield></datafield><datafield ind1=" " ind2=" " tag="260"><subfield code="a">Sandusky, Ohio :</subfield><subfield code="b">Stevens Co. Publishers,</subfield><subfield code="c">1934-1941.</subfield></datafield><datafield ind1=" " ind2=" " tag="300"><subfield code="a">v.</subfield></datafield><datafield ind1=" " ind2=" " tag="310"><subfield code="a">Daily (except Sun.)</subfield></datafield><datafield ind1="0" ind2=" " tag="362"><subfield code="a">Vol. 1, no. 1 (Aug. 16, 1934)-v. 7, no. 202 (Apr. 12, 1941).</subfield></datafield><datafield ind1=" " ind2=" " tag="752"><subfield code="a">United States</subfield><subfield code="b">Ohio</subfield><subfield code="c">Erie</subfield><subfield code="d">Sandusky.</subfield></datafield><datafield ind1="0" ind2="7" tag="785"><subfield code="t">Star journal (Sandusky, Ohio)</subfield><subfield code="w">(DLC)sn 87076523</subfield></datafield><datafield ind1="0" ind2="7" tag="785"><subfield code="t">Star journal and Sandusky daily news</subfield><subfield code="w">(DLC)sn 87076524</subfield></datafield></record>